@article{rose2010automatic,
  title={Automatic keyword extraction from individual documents},
  author={Rose, Stuart and Engel, Dave and Cramer, Nick and Cowley, Wendy},
  journal={Text Mining: Applications and Theory},
  pages={1--20},
  year={2010},
  publisher={John Wiley \& Sons}
}

@article{mihalcea2004textrank,
  title={TextRank: Bringing order into texts},
  author={Mihalcea, Rada and Tarau, Paul},
  journal={Proceedings of the 2004 conference on empirical methods in natural language processing},
  pages={404--411},
  year={2004},
  publisher={Association for Computational Linguistics}
}

@inproceedings{rose2011tfidf,
  title={An extended TF-IDF method for automatic keyword extraction},
  author={Rose, Stuart},
  booktitle={Proceedings of the International Conference on Data Mining},
  pages={45--52},
  year={2011}
}

@article{dunning1993accurate,
  title={Accurate methods for the statistics of surprise and coincidence},
  author={Dunning, Ted},
  journal={Computational Linguistics},
  volume={19},
  number={1},
  pages={61--74},
  year={1993},
  publisher={MIT Press}
}

@article{grootendorst2020keybert,
  title={KeyBERT: Minimal keyword extraction with BERT},
  author={Grootendorst, Maarten},
  journal={arXiv preprint arXiv:2009.10849},
  year={2020}
}

@article{devlin2019bert,
  title={BERT: Pre-training of deep bidirectional transformers for language understanding},
  author={Devlin, Jacob and Chang, Ming-Wei and Lee, Kenton and Toutanova, Kristina},
  journal={NAACL-HLT},
  pages={4171--4186},
  year={2019}
}

@article{lewis2020bart,
  title={BART: Denoising sequence-to-sequence pre-training for natural language generation, translation, and comprehension},
  author={Lewis, Mike and Liu, Yinhan and Goyal, Naman and Ghazvininejad, Marjan and Mohamed, Abdelrahman and et al.},
  journal={arXiv preprint arXiv:1910.13461},
  year={2020}
}

@article{zhang2020pegasus,
  title={PEGASUS: Pre-training with extracted gap-sentences for abstractive summarization},
  author={Zhang, Jingqing and Zhao, Yao and Saleh, Mohammad},
  journal={arXiv preprint arXiv:1912.08777},
  year={2020}
}

@article{raffel2020exploring,
  title={Exploring the limits of transfer learning with a unified text-to-text transformer},
  author={Raffel, Colin and Shazeer, Noam and Roberts, Adam and Lee, Katherine and et al.},
  journal={Journal of Machine Learning Research},
  volume={21},
  pages={1--67},
  year={2020}
}

@article{salton1988term,
  title={Term-weighting approaches in automatic text retrieval},
  author={Salton, Gerard and Buckley, Christopher},
  journal={Information Processing \& Management},
  volume={24},
  number={5},
  pages={513--523},
  year={1988}
}

@article{deerwester1990indexing,
  title={Indexing by latent semantic analysis},
  author={Deerwester, Scott and Dumais, Susan T and Furnas, George W and Landauer, Thomas K and Harshman, Richard},
  journal={Journal of the American society for information science},
  volume={41},
  number={6},
  pages={391--407},
  year={1990}
}

@book{manning2008introduction,
  title={Introduction to Information Retrieval},
  author={Manning, Christopher D. and Raghavan, Prabhakar and Sch√ºtze, Hinrich},
  year={2008},
  publisher={Cambridge University Press},
  address={Cambridge, UK}
}
